% workflow nets
@Article{Aalst98,
  author =       "{W. M. P. van der} Aalst",
  title =        {{The Application of Petri Nets to Workflow Management}},
  journal =      "Journal of Circuits, Systems and Computers",
  volume =       "8",
  number =       "1",
  pages =        "21--66",
  year =         "1998"
}

%BPEL1.1
@TECHREPORT{BPEL1_1,
  author = {Tony Andrews and et~al.},
  title = {{B}usiness {P}rocess {E}xecution {L}anguage for {W}eb {S}ervices, {V}ersion 1.1},
  institution = {BEA, IBM, Microsoft},
  year = {2003},
  month = may
}

% reduction rules for interaction graphs
@TECHREPORT{weinberg06,
  author =       {Daniela Weinberg},
  title =        {{Reduction Rules for Interaction Graphs}},
  institution = {Humboldt-Universit\"{a}t zu Berlin},
  year =        {2006},
  number =      {198}
}

%Region theory
@inproceedings{Badouel98,
  author =    {E. Badouel and P. Darondeau},
  title =     {{Theory of Regions}},
  booktitle = {Lectures on Petri Nets I: Basic Models},
  series =    {Lecture Notes in Computer Science},
  volume =    {1491},
  pages =     {529--586},
  year =      {1998}
}
%Lotos semantics or BPEL
@inproceedings{Ferrara04,
  author    = {Andrea Ferrara},
  title     = {{Web Services: A Process Algebra Approach.}},
  booktitle = {ICSOC},
  year      = {2004},
  pages     = {242--251},
  publisher = {ACM}
}

% SOA
@techreport{Gottschalk00,
  author      = {Karl Gottschalk},
  title       = {{Web Services Architecture Overview.}},
  institution = {{IBM} developerWorks},
  type        = {{IBM} Whitepaper},
  note        = {http://ibm.com/developerWorks/web/library/w-ovr/},
  year        = {2000},
  month       = sep
}

%survey on different views on SOC
@inproceedings{Hull03_PODS03,
  author    = {Richard Hull and Michael Benedikt and Vassilis Christophides and Jianwen Su},
  title     = {{E-Services: A Look Behind the Curtain}},
  booktitle = {PODS '03},
  year      = {2003},
  isbn      = {1-58113-670-6},
  pages     = {1--14},
  publisher = {ACM Press},
  address   = {New York, USA},
}

%public view
@PHDTHESIS{Martens04,
  author =    {A. Martens},
  title =     {{Verteilte Gesch\"{a}ftsprozesse -- Modellierung und Verifikation mit Hilfe von Web Services}},
  school =    {Humboldt-Universit\"{a}t zu Berlin},
  year =      {2004},
  type =      {{PhD thesis}},
  publisher = {{WiKu-Verlag}}
}

%Ohrid - oWFNs
@CONFERENCE{massuthe05_SEEFM,
  Author    = {Peter Massuthe and Wolfgang Reisig and Karsten Schmidt},
  Title     = {{An Operating Guideline Approach to the SOA}},
  Year      = {2005},
  Booktitle = {SEEFM05},
  Address   = {Ohrid, Republic of Macedonia},
}

%Ohrid Journal - oWFNs
@article{massuthe05_AMCT,
  author   = {Peter Massuthe and Wolfgang Reisig and Karsten Schmidt},
  title    = {{An Operating Guideline Approach to the SOA}},
  journal  = {AMCT},
  year     = 2005,
  volume   = 1,
  number   = 3,
  pages    = {35--43},
  note     = {To appear.},
}

%Melbourne QSIC
@INPROCEEDINGS{massuthe05_QSIC,
  Title     = {{Operating Guidelines -- An Automata-Theoretic Foundation for Service-Oriented Architectures}},
  Author    = {Peter Massuthe and Karsten Schmidt},
  Booktitle = {QSIC 2005},
  Month     = sep,
  Pages     = {452--457},
  Publisher = {IEEE Computer Society},
  Address   = {Melbourne, Australia},
  Year      = {2005}
}

%Melbourne Journal
@article{massuthe06_IJWSR,
  author = {Peter Massuthe and Karsten Schmidt},
  title = {{Operating Guidelines -- An Automata-Theoretic Foundation for Service-Oriented Architectures}},
  year = 2006,
  journal = {to appear}
}

%standard reference for SOC
@article{Papazoglou01,
  author    = {Mike P. Papazoglou},
  title     = {{Agent-Oriented Technology in Support of E-Business}},
  journal   = {Communications of the ACM},
  volume    = {44},
  number    = {4},
  year      = {2001},
  pages     = {71--77},
  publisher = {ACM Press},
  address   = {New York, USA}
}


%control theory
@article{Ramadge87,
  author =    {P.J. Ramadge and W.M. Wonham},
  title =     {{Supervisory Control of a Class of Discrete Event Processes}},
  journal =   {SIAM J. Control and Optimization},
  volume =    {25},
  number =    {1},
  year =      {1987},
  pages =     {206--230},
  publisher = {Society for Industrial and Applied Mathematics}
}

@TECHREPORT{Stahl05_TR188,
Author = {Christian Stahl},
Institution = {Humboldt-Universität zu Berlin},
Number = {188},
Title = {{A Petri Net Semantics for BPEL}},
Type = {Techn. Report},
Year = {2005},
}

%Petri net semantics for BPEL
@INPROCEEDINGS{Stahl_BPM,
  Address   = {Nancy, France},
  Author    = {Sebastian Hinz and Karsten Schmidt and Christian Stahl},
  Booktitle = {BPM 2005},
  volume    = {3649},
  pages     = {220-235},
  series    = {LNCS},
  publisher = {Springer-Verlag},
  Title     = {{Transforming BPEL to Petri Nets}},
  Year      = {2005}
}

%pi calculus for BPEL
@inproceedings{RaoKM04,
    author = {Jinghai Rao and Peep Kungas and Mihhail Matskin},
    title = {{Logic-based Web Services Composition: From Service Description to Process Model}},
    booktitle = {IEEE International Conference on Web Services (ICWS'04)},
    year = {2004},
    pages = {446--453},
}

% das Tool von van der Aalst
@inproceedings{WofBPEL,
  author    = {Chun Ouyang and Eric Verbeek and {Wil M.P. van der} Aalst and Stephan Breutel and Marlon Dumas and Arthur ter Hofstede},
  year      = {2005},
  title     = {{WofBPEL: A Tool for Automated Analysis of BPEL Processes}},
  booktitle = {ICSOC 2005},
  series    = {LNCS},
  volume    = {3826},
  pages     = {484-489},
  address   = {Amsterdam, The Netherlands},
}

% LoLA
@inproceedings{LoLA,
  author    = {Karsten Schmidt},
  title     = {{LoLA: A Low Level Analyser}},
  booktitle = {ICATPN 2000},
  publisher = {Springer-Verlag},
  series    = {LNCS},
  number    = {1825},
  pages     = {465--474},
  year      = {2000},
}

% a broad overview over static program analysis
@book{nielsen05,
  author    = {Flemming Nielson and Hanne Riis Nielson and Chris Hankin},
  title     = {{Principles of Program Analysis.}},
  edition   = {2nd},
  year      = {2005},
  publisher = {Springer-Verlag}
}

%Verbus project, FSM semantics for BPEL
@inproceedings{FisteusFK04,
  author    = {Jes{\'u}s Arias-Fisteus and
               Luis S{\'a}nchez Fern{\'a}ndez and
               Carlos Delgado Kloos},
  title     = {{Formal Verification of BPEL4WS Business Collaborations.}},
  booktitle = {EC-Web'04},
  year      = {2004},
  pages     = {76-85},
  publisher = {Springer},
  series    = {LNCS},
  volume    = {3182}
}

%FSM semantics for BPEL
@inproceedings{FuBS04,
 author = {Xiang Fu and Tevfik Bultan and Jianwen Su},
 title = {{Analysis of Interacting BPEL Web Services}},
 booktitle = {WWW~'04},
 year = {2004},
 pages = {621--630},
 location = {New York, NY, USA},
 publisher = {ACM Press}
 }

%ASM semantics for BPEL
@inproceedings{FarahbodGV04,
  author    = {Roozbeh Farahbod and
               Uwe Gl{\"a}sser and
               Mona Vajihollahi},
  title     = {{Specification and Validation of the Business Process Execution
               Language for Web Services.}},
  booktitle = {ASM},
  pages     = {78-94},
  publisher = {Springer},
  series    = {LNCS},
  volume    = {3052},
  year      = {2004}
}

@INPROCEEDINGS{FahlandR05,
Author = {Dirk Fahland and Wolfgang Reisig},
Booktitle = {ASM'05},
Pages = {131-151},
Publisher = {Paris XII},
Title = {{ASM-based Semantics for BPEL: The Negative Control Flow}},
Year = {2005},
}


@inproceedings{Schmidt05_EMISA,
author = {Karsten Schmidt},
title = {{Controllability of Open Workflow Nets.}},
booktitle = {EMISA},
year = 2005,
series = {LNI},
pages = {236-249},
publisher = "Bonner K{\"{o}}llen Verlag"
}

@TECHREPORT{OuyangVABDH05,
  AUTHOR =       "Chun Ouyang and Eric Verbeek and Wil M.P. van der Aalst and Stephen Breutel and
                    Marlon Dumas and Arthur H.M. ter Hofstede",
  TITLE =        {{Formal Semantics and Analysis of Control Flow in WS-BPEL}},
  INSTITUTION =  "Queensland University of Technology",
  YEAR =         "2005",
  type =         "Technical report (Revised Version)",
  file = F
}

@INPROCEEDINGS{MartensMGF06,
  AUTHOR =       "Axel Martens and Simon Moser and Achim Gerhardt and Karoline Funk",
  TITLE =        {{Analyzing Compatibility of BPEL Processes -- Towards a Business Process Analysis
                    Framework in IBM's Business Integration Tools}},
  BOOKTITLE =    "ICIW'06",
  YEAR =         "2006",
  publisher =    "IEEE Computer Society Press",
  file = F
}
